@misc{no_hkt_in_rust,
    title = {Higher kinded polymorphism in {Rust} ({Github} issues)},
    howpublished = {\url{https://github.com/rust-lang/rfcs/issues/324}},
    note = {Dostęp: 2018-08-01}
}

@misc{sml_proposal,
    author = "Robin Milner",
    title = "{The Standard ML Core Language}",
    year = "1984",
    howpublished = {\url{http://sml-family.org/history/SML-proposal-7-84.pdf}},
}

@inproceedings{modules_vs_typeclasses,
  author    = {Stefan Wehr and
               Manuel M. T. Chakravarty},
  title     = {{ML} Modules and Haskell Type Classes: {A} Constructive Comparison},
  booktitle = {Programming Languages and Systems, 6th Asian Symposium, {APLAS} 2008,
               Bangalore, India, December 9-11, 2008. Proceedings},
  pages     = {188--204},
  year      = {2008},
  crossref  = {DBLP:conf/aplas/2008},
  url       = {https://doi.org/10.1007/978-3-540-89330-1\_14},
  doi       = {10.1007/978-3-540-89330-1\_14},
  timestamp = {Tue, 13 Jun 2017 10:37:56 +0200},
  biburl    = {https://dblp.org/rec/bib/conf/aplas/WehrC08},
  bibsource = {dblp computer science bibliography, https://dblp.org}
}

@proceedings{DBLP:conf/aplas/2008,
  editor    = {G. Ramalingam},
  title     = {Programming Languages and Systems, 6th Asian Symposium, {APLAS} 2008,
               Bangalore, India, December 9-11, 2008. Proceedings},
  series    = {Lecture Notes in Computer Science},
  volume    = {5356},
  publisher = {Springer},
  year      = {2008},
  url       = {https://doi.org/10.1007/978-3-540-89330-1},
  doi       = {10.1007/978-3-540-89330-1},
  isbn      = {978-3-540-89329-5},
  timestamp = {Tue, 13 Jun 2017 10:37:56 +0200},
  biburl    = {https://dblp.org/rec/bib/conf/aplas/2008},
  bibsource = {dblp computer science bibliography, https://dblp.org}
}

@misc{traits_as_obj_rust,
    title = {Using Trait Objects that Allow for Values of Different Types. {Rust}},
    howpublished = {\url{https://doc.rust-MonoML.org/book/second-edition/ch17-02-trait-objects.html}},
    note = {Dostęp: 2018-08-01}
}

@misc{llvm,
    title = {{LLVM}.},
    howpublished = {\url{https://llvm.org/}},
    note = {Dostęp: 2018-08-01}
}

@misc{llvm_in_ocaml,
    title = {{Implementing a language with LLVM tutorial}},
    howpublished = {\url{https://llvm.org/docs/tutorial/OCamlLangImpl1.html}},
    note = {Dostęp: 2018-08-01}
}

@misc{cpp_bind,
    title = {{std::bind - C++ Reference}.},
    howpublished = {\url{https://llvm.org/}},
    note = {Dostęp: 2018-08-01}
}

@misc{okmij,
    title = {{Implementing, and Understanding Type Classes}},
    howpublished = {\url{http://okmij.org/ftp/Computation/typeclass.html}},
    note = {Dostęp: 2018-08-01}
}

@misc{templates_cpp,
    title = {{Template (C++). Wikipedia}},
    howpublished = {\url{https://en.wikipedia.org/wiki/Template_(C%2B%2B)}},
    note = {Dostęp: 2018-08-01}
}

@misc{mono_mlton,
    title = {{Monomorphise. MLton}},
    howpublished = {\url{http://mlton.org/Monomorphise}},
    note = {Dostęp: 2018-08-01}
}

@misc{ocaml_31bit,
    title = {{Chapter 20. Memory Representation of Values. Real World OCaml}},
    howpublished = {\url{https://v1.realworldocaml.org/v1/en/html/memory-representation-of-values.html}},
    note = {Dostęp: 2018-08-01}
}

@misc{menhir,
    title = {{Menhir}},
    howpublished = {\url{http://gallium.inria.fr/\~fpottier/menhir/}},
    note = {Dostęp: 2018-08-01}
}

@misc{python_indentation,
    title = {{Indentation. Python Reference Manual}},
    howpublished = {\url{https://docs.python.org/2.5/ref/indentation.html}},
    note = {Dostęp: 2018-08-01}
}

@misc{fslang_typeclass,
    title = {{F\# Language - User Voice. Suggestions about future evolution of the F\# Language and Core Library}},
    howpublished = {\url{https://fslang.uservoice.com/forums/245727-f-language/filters/top}},
    note = {Dostęp: 2018-08-01}
}

@misc{fun_deps,
    title = {{Functional dependencies}},
    howpublished = {\url{https://wiki.haskell.org/Functional\_dependencies}},
    note = {Dostęp: 2018-08-01}
}

@misc{multi_params_tcs,
    title = {{Multi-parameter type class}},
    howpublished = {\url{https://wiki.haskell.org/Multi-parameter\_type\_class}},
    note = {Dostęp: 2018-08-01}
}

@misc{fs_spec,
    title = {{Specyfikacja języka F\# 4.0}},
    howpublished = {\url{https://fsharp.org/specs/language-spec/4.0/FSharpSpec-4.0-final.pdf}},
    note = {Dostęp: 2018-08-01}
}

@misc{scala_traits,
    title = {{Scala docs: Traits}},
    howpublished = {\url{https://docs.scala-MonoML.org/tour/traits.html}},
    note = {Dostęp: 2018-08-01}
}

@misc{rust_traits,
    title = {{Rust by example. Traits}},
    howpublished = {\url{https://doc.rust-MonoML.org/rust-by-example/trait.html}},
    note = {Dostęp: 2018-08-01}
}

@misc{tc_wiki,
    title = {{Type class. Wikipedia}},
    howpublished = {\url{https://en.wikipedia.org/wiki/Type\_class?oldformat=true}},
    note = {Dostęp: 2018-08-01}
}

@misc{type_erasure,
    title = {{Type Erasure. The Java Tutorials}},
    howpublished = {\url{https://docs.oracle.com/javase/tutorial/java/generics/erasure.html}},
    note = {Dostęp: 2018-08-01}
}

@misc{haskell_poly,
    title = {{Type Systems, Type Inference, and Polymorphism}},
    howpublished = {\url{http://www.cs.tau.ac.il/\~msagiv/courses/pl14/chap6-1.pdf}},
    note = {Dostęp: 2018-08-01}
}


@article{fast_curry,
  author    = {Simon Marlow and
               Simon L. {Peyton Jones}},
  title     = {Making a fast curry: push/enter vs. eval/apply for higher-order languages},
  journal   = {J. Funct. Program.},
  volume    = {16},
  number    = {4-5},
  pages     = {415--449},
  year      = {2006},
  url       = {https://doi.org/10.1017/S0956796806005995},
  doi       = {10.1017/S0956796806005995},
  timestamp = {Sat, 27 May 2017 14:24:34 +0200},
  biburl    = {https://dblp.org/rec/bib/journals/jfp/MarlowJ06},
  bibsource = {dblp computer science bibliography, https://dblp.org}
}

@inproceedings{levity_polymorphism,
  author    = {Richard A. Eisenberg and
               Simon {Peyton Jones}},
  title     = {Levity polymorphism},
  booktitle = {Proceedings of the 38th {ACM} {SIGPLAN} Conference on Programming
               Language Design and Implementation, {PLDI} 2017, Barcelona, Spain,
               June 18-23, 2017},
  pages     = {525--539},
  year      = {2017},
  crossref  = {DBLP:conf/pldi/2017},
  url       = {http://doi.acm.org/10.1145/3062341.3062357},
  doi       = {10.1145/3062341.3062357},
  timestamp = {Mon, 19 Jun 2017 08:37:26 +0200},
  biburl    = {https://dblp.org/rec/bib/conf/pldi/EisenbergJ17},
  bibsource = {dblp computer science bibliography, https://dblp.org}
}

@proceedings{DBLP:conf/pldi/2017,
  editor    = {Albert Cohen and
               Martin T. Vechev},
  title     = {Proceedings of the 38th {ACM} {SIGPLAN} Conference on Programming
               Language Design and Implementation, {PLDI} 2017, Barcelona, Spain,
               June 18-23, 2017},
  publisher = {{ACM}},
  year      = {2017},
  url       = {http://doi.acm.org/10.1145/3062341},
  doi       = {10.1145/3062341},
  isbn      = {978-1-4503-4988-8},
  timestamp = {Mon, 19 Jun 2017 08:31:46 +0200},
  biburl    = {https://dblp.org/rec/bib/conf/pldi/2017},
  bibsource = {dblp computer science bibliography, https://dblp.org}
}

@inproceedings{implementing_type_classes,
  author    = {John Peterson and
               Mark P. Jones},
  title     = {Implementing Type Classes},
  booktitle = {Proceedings of the {ACM} SIGPLAN'93 Conference on Programming Language
               Design and Implementation (PLDI), Albuquerque, New Mexico, USA, June
               23-25, 1993},
  pages     = {227--236},
  year      = {1993},
  crossref  = {DBLP:conf/pldi/1993},
  url       = {http://doi.acm.org/10.1145/155090.155112},
  doi       = {10.1145/155090.155112},
  timestamp = {Mon, 21 May 2012 16:19:53 +0200},
  biburl    = {https://dblp.org/rec/bib/conf/pldi/PetersonJ93},
  bibsource = {dblp computer science bibliography, https://dblp.org}
}

@proceedings{DBLP:conf/pldi/1993,
  editor    = {Robert Cartwright},
  title     = {Proceedings of the {ACM} SIGPLAN'93 Conference on Programming Language
               Design and Implementation (PLDI), Albuquerque, New Mexico, USA, June
               23-25, 1993},
  publisher = {{ACM}},
  year      = {1993},
  url       = {http://dl.acm.org/citation.cfm?id=155090},
  isbn      = {0-89791-598-4},
  timestamp = {Mon, 21 May 2012 16:19:53 +0200},
  biburl    = {https://dblp.org/rec/bib/conf/pldi/1993},
  bibsource = {dblp computer science bibliography, https://dblp.org}
}

@inproceedings{type_class_wadler88,
  author    = {Philip Wadler and
               Stephen Blott},
  title     = {How to Make ad-hoc Polymorphism Less ad-hoc},
  booktitle = {Conference Record of the Sixteenth Annual {ACM} Symposium on Principles
               of Programming Languages, Austin, Texas, USA, January 11-13, 1989},
  pages     = {60--76},
  year      = {1989},
  crossref  = {DBLP:conf/popl/1989},
  url       = {http://doi.acm.org/10.1145/75277.75283},
  doi       = {10.1145/75277.75283},
  timestamp = {Mon, 21 May 2012 16:19:51 +0200},
  biburl    = {https://dblp.org/rec/bib/conf/popl/WadlerB89},
  bibsource = {dblp computer science bibliography, https://dblp.org}
}

@proceedings{DBLP:conf/popl/1989,
  title     = {Conference Record of the Sixteenth Annual {ACM} Symposium on Principles
               of Programming Languages, Austin, Texas, USA, January 11-13, 1989},
  publisher = {{ACM} Press},
  year      = {1989},
  url       = {http://dl.acm.org/citation.cfm?id=75277},
  isbn      = {0-89791-294-2},
  timestamp = {Mon, 21 May 2012 16:19:51 +0200},
  biburl    = {https://dblp.org/rec/bib/conf/popl/1989},
  bibsource = {dblp computer science bibliography, https://dblp.org}
}